@article{xu2015show,
  title={Show, attend and tell: Neural image caption generation with visual attention},
  author={Xu, Kelvin and Ba, Jimmy and Kiros, Ryan and Courville, Aaron and Salakhutdinov, Ruslan and Zemel, Richard and Bengio, Yoshua},
  journal={arXiv preprint arXiv:1502.03044},
  year={2015}
}


@article{newell2016stacked,
  title={Stacked Hourglass Networks for Human Pose Estimation},
  author={Newell, Alejandro and Yang, Kaiyu and Deng, Jia},
  journal={arXiv preprint arXiv:1603.06937},
  year={2016}
}

@article{wei2016convolutional,
  title={Convolutional Pose Machines},
  author={Wei, Shih-En and Ramakrishna, Varun and Kanade, Takeo and Sheikh, Yaser},
  journal={arXiv preprint arXiv:1602.00134},
  year={2016}
}

@article{pishchulin2015deepcut,
  title={DeepCut: Joint Subset Partition and Labeling for Multi Person Pose Estimation},
  author={Pishchulin, Leonid and Insafutdinov, Eldar and Tang, Siyu and Andres, Bjoern and Andriluka, Mykhaylo and Gehler, Peter and Schiele, Bernt},
  journal={arXiv preprint arXiv:1511.06645},
  year={2015}
}

@article{lifshitz2016human,
  title={Human Pose Estimation using Deep Consensus Voting},
  author={Lifshitz, Ita and Fetaya, Ethan and Ullman, Shimon},
  journal={arXiv preprint arXiv:1603.08212},
  year={2016}
}

@article{haque2016viewpoint,
  title={Viewpoint Invariant 3D Human Pose Estimation with Recurrent Error Feedback},
  author={Haque, Albert and Peng, Boya and Luo, Zelun and Alahi, Alexandre and Yeung, Serena and Fei-Fei, Li},
  journal={arXiv preprint arXiv:1603.07076},
  year={2016}
}

@article{carreira2015human,
  title={Human Pose Estimation with Iterative Error Feedback},
  author={Carreira, Joao and Agrawal, Pulkit and Fragkiadaki, Katerina and Malik, Jitendra},
  journal={arXiv preprint arXiv:1507.06550},
  year={2015}
}

@inproceedings{toshev2014deeppose,
  title={Deeppose: Human pose estimation via deep neural networks},
  author={Toshev, Alexander and Szegedy, Christian},
  booktitle={Proceedings of the IEEE Conference on Computer Vision and Pattern Recognition},
  pages={1653--1660},
  year={2014}
}

@article{felzenszwalb2010object,
  title={Object detection with discriminatively trained part-based models},
  author={Felzenszwalb, Pedro F and Girshick, Ross B and McAllester, David and Ramanan, Deva},
  journal={Pattern Analysis and Machine Intelligence, IEEE Transactions on},
  volume={32},
  number={9},
  pages={1627--1645},
  year={2010},
  publisher={IEEE}
}

@article{kingma2014adam,
  title={Adam: A method for stochastic optimization},
  author={Kingma, Diederik and Ba, Jimmy},
  journal={arXiv preprint arXiv:1412.6980},
  year={2014}
}

@article{felzenszwalb2005pictorial,
  title={Pictorial structures for object recognition},
  author={Felzenszwalb, Pedro F and Huttenlocher, Daniel P},
  journal={International Journal of Computer Vision},
  volume={61},
  number={1},
  pages={55--79},
  year={2005},
  publisher={Springer}
}

@inproceedings{andriluka20142d,
  title={2d human pose estimation: New benchmark and state of the art analysis},
  author={Andriluka, Mykhaylo and Pishchulin, Leonid and Gehler, Peter and Schiele, Bernt},
  booktitle={Computer Vision and Pattern Recognition (CVPR), 2014 IEEE Conference on},
  pages={3686--3693},
  year={2014},
  organization={IEEE}
}

@article{he2015deep,
  title={Deep Residual Learning for Image Recognition},
  author={He, Kaiming and Zhang, Xiangyu and Ren, Shaoqing and Sun, Jian},
  journal={arXiv preprint arXiv:1512.03385},
  year={2015}
}

@inproceedings{yang2011articulated,
  title={Articulated pose estimation with flexible mixtures-of-parts},
  author={Yang, Yi and Ramanan, Deva},
  booktitle={Computer Vision and Pattern Recognition (CVPR), 2011 IEEE Conference on},
  pages={1385--1392},
  year={2011},
  organization={IEEE}
}

@article{simonyan2014very,
  title={Very deep convolutional networks for large-scale image recognition},
  author={Simonyan, Karen and Zisserman, Andrew},
  journal={arXiv preprint arXiv:1409.1556},
  year={2014}
}

@inproceedings{ren2015faster,
  title={Faster R-CNN: Towards real-time object detection with region proposal networks},
  author={Ren, Shaoqing and He, Kaiming and Girshick, Ross and Sun, Jian},
  booktitle={Advances in Neural Information Processing Systems},
  pages={91--99},
  year={2015}
}