@article{newell2016stacked,
  title={Stacked Hourglass Networks for Human Pose Estimation},
  author={Newell, Alejandro and Yang, Kaiyu and Deng, Jia},
  journal={arXiv preprint arXiv:1603.06937},
  year={2016}
}

@article{wei2016convolutional,
  title={Convolutional Pose Machines},
  author={Wei, Shih-En and Ramakrishna, Varun and Kanade, Takeo and Sheikh, Yaser},
  journal={arXiv preprint arXiv:1602.00134},
  year={2016}
}

@article{pishchulin2015deepcut,
  title={DeepCut: Joint Subset Partition and Labeling for Multi Person Pose Estimation},
  author={Pishchulin, Leonid and Insafutdinov, Eldar and Tang, Siyu and Andres, Bjoern and Andriluka, Mykhaylo and Gehler, Peter and Schiele, Bernt},
  journal={arXiv preprint arXiv:1511.06645},
  year={2015}
}

@article{lifshitz2016human,
  title={Human Pose Estimation using Deep Consensus Voting},
  author={Lifshitz, Ita and Fetaya, Ethan and Ullman, Shimon},
  journal={arXiv preprint arXiv:1603.08212},
  year={2016}
}

@article{haque2016viewpoint,
  title={Viewpoint Invariant 3D Human Pose Estimation with Recurrent Error Feedback},
  author={Haque, Albert and Peng, Boya and Luo, Zelun and Alahi, Alexandre and Yeung, Serena and Fei-Fei, Li},
  journal={arXiv preprint arXiv:1603.07076},
  year={2016}
}

@article{carreira2015human,
  title={Human Pose Estimation with Iterative Error Feedback},
  author={Carreira, Joao and Agrawal, Pulkit and Fragkiadaki, Katerina and Malik, Jitendra},
  journal={arXiv preprint arXiv:1507.06550},
  year={2015}
}

@inproceedings{toshev2014deeppose,
  title={Deeppose: Human pose estimation via deep neural networks},
  author={Toshev, Alexander and Szegedy, Christian},
  booktitle={Proceedings of the IEEE Conference on Computer Vision and Pattern Recognition},
  pages={1653--1660},
  year={2014}
}

@article{felzenszwalb2010object,
  title={Object detection with discriminatively trained part-based models},
  author={Felzenszwalb, Pedro F and Girshick, Ross B and McAllester, David and Ramanan, Deva},
  journal={Pattern Analysis and Machine Intelligence, IEEE Transactions on},
  volume={32},
  number={9},
  pages={1627--1645},
  year={2010},
  publisher={IEEE}
}